<record><leader>00000cas a22000007a 4500</leader><controlfield tag="001">9994096</controlfield><controlfield tag="008">831008d18521901ohuwr ne      0    0eng d</controlfield><datafield ind1=" " ind2=" " tag="010"><subfield code="a">sn 83035493 </subfield></datafield><datafield ind1=" " ind2=" " tag="040"><subfield code="a">NPY</subfield><subfield code="b">eng</subfield><subfield code="c">NPY</subfield><subfield code="d">NPX</subfield><subfield code="d">NPU</subfield><subfield code="d">ONP</subfield><subfield code="d">OCLCQ</subfield></datafield><datafield ind1=" " ind2=" " tag="042"><subfield code="a">msc</subfield></datafield><datafield ind1="0" ind2=" " tag="130"><subfield code="a">Buckeye state (Lisbon, Ohio : 1852)</subfield></datafield><datafield ind1="1" ind2="4" tag="245"><subfield code="a">The Buckeye state.</subfield></datafield><datafield ind1=" " ind2=" " tag="260"><subfield code="a">New Lisbon, Ohio :</subfield><subfield code="b">R.D. Hartshorn,</subfield><subfield code="c">-1901.</subfield></datafield><datafield ind1=" " ind2=" " tag="300"><subfield code="a">v. :</subfield><subfield code="b">ill. (chiefly advertisements) ;</subfield><subfield code="c">53-70 cm.</subfield></datafield><datafield ind1=" " ind2=" " tag="310"><subfield code="a">Weekly</subfield></datafield><datafield ind1="0" ind2=" " tag="362"><subfield code="a">-v. 49, no. 43 (June 27, 1901).</subfield></datafield><datafield ind1="1" ind2=" " tag="362"><subfield code="a">Began in Sept. 1852.</subfield><subfield code="z">Cf. Gutgesell, S. Guide to Ohio newspapers, 1974.</subfield></datafield><datafield ind1=" " ind2=" " tag="500"><subfield code="a">Publishers: R.D. Hartshorn, 1852-1853; P.C. Young, &lt;1873&gt;-1875; E.F. Moore, 1875-1899.</subfield></datafield><datafield ind1=" " ind2=" " tag="500"><subfield code="a">"Republican."</subfield></datafield><datafield ind1=" " ind2=" " tag="500"><subfield code="a">Published on Thursday.</subfield></datafield><datafield ind1=" " ind2=" " tag="500"><subfield code="a">"Official paper of Columbia [sic] County."</subfield></datafield><datafield ind1=" " ind2=" " tag="588"><subfield code="a">Description based on: Vol. 1, no. 3 (Sept. 30, 1852).</subfield></datafield><datafield ind1=" " ind2=" " tag="752"><subfield code="a">United States</subfield><subfield code="b">Ohio</subfield><subfield code="c">Columbiana</subfield><subfield code="d">Lisbon.</subfield></datafield><datafield ind1=" " ind2=" " tag="752"><subfield code="a">United States</subfield><subfield code="b">Ohio</subfield><subfield code="c">Columbiana</subfield><subfield code="d">New Lisbon.</subfield></datafield><datafield ind1="0" ind2="5" tag="780"><subfield code="t">Western palladium</subfield><subfield code="g">1855</subfield><subfield code="w">(DLC)sn 83035492</subfield></datafield><datafield ind1="0" ind2="7" tag="785"><subfield code="t">Lisbon journal</subfield><subfield code="w">(DLC)sn 88078283</subfield></datafield><datafield ind1="0" ind2="7" tag="785"><subfield code="t">Buckeye state and Lisbon journal</subfield><subfield code="w">(DLC)sn 83035494</subfield></datafield></record>